@article{lack2012,
   title={Enhanced 2-categories and limits for lax morphisms},
   volume={229},
   ISSN={0001-8708},
   url={http://dx.doi.org/10.1016/j.aim.2011.08.014},
   DOI={10.1016/j.aim.2011.08.014},
   number={1},
   journal={Advances in Mathematics},
   publisher={Elsevier BV},
   author={Lack, Stephen and Shulman, Michael},
   year={2012},
   month=jan, pages={294–356}
}

@misc{arkor2024,
      title={Enhanced 2-categorical structures, two-dimensional limit sketches and the symmetry of internalisation}, 
      author={Nathanael Arkor and John Bourke and Joanna Ko},
      year={2024},
      eprint={2412.07475},
      archivePrefix={arXiv},
      primaryClass={math.CT},
      url={https://arxiv.org/abs/2412.07475}, 
}

@article{borceux1975,
  title={A notion of limit for enriched categories},
  volume={12},
  DOI={10.1017/S0004972700023637},
  number={1},
  journal={Bulletin of the Australian Mathematical Society},
  author={Borceux, Francis and Kelly, G.M.},
  year={1975},
  pages={49–72}
}

@book{kelly1982a,
  title={Basic Concepts of Enriched Category Theory},
  author={Kelly, G.M.},
  isbn={9780521287029},
  lccn={81018015},
  series={Lecture note series / London mathematical society},
  url={https://books.google.se/books?id=MPE6AAAAIAAJ},
  year={1982},
  publisher={Cambridge University Press}
}

@article{kelly1982b,
     author = {Kelly, G. M.},
     title = {Structures defined by finite limits in the enriched context, {I}},
     journal = {Cahiers de topologie et g\'eom\'etrie diff\'erentielle},
     pages = {3--42},
     publisher = {Dunod \'editeur, publi\'e avec le concours du CNRS},
     volume = {23},
     number = {1},
     year = {1982},
     mrnumber = {648793},
     zbl = {0538.18006},
     language = {en},
     url = {http://archive.numdam.org/item/CTGDC_1982__23_1_3_0/}
}

@inbook{ahrens2024,
   title={Comparing Semantic Frameworks for Dependently-Sorted Algebraic Theories},
   ISBN={9789819789436},
   ISSN={1611-3349},
   url={http://dx.doi.org/10.1007/978-981-97-8943-6_1},
   DOI={10.1007/978-981-97-8943-6_1},
   booktitle={Programming Languages and Systems},
   publisher={Springer Nature Singapore},
   author={Ahrens, Benedikt and Lumsdaine, Peter LeFanu and North, Paige Randall},
   year={2024},
   month=oct, pages={3–22} }


